@article{Blei,
 author = {Blei, David M. and Ng, Andrew Y. and Jordan, Michael I.},
 title = {Latent Dirichlet Allocation},
 journal = {J. Mach. Learn. Res.},
 issue_date = {3/1/2003},
 volume = {3},
 month = mar,
 year = {2003},
 issn = {1532-4435},
 pages = {993--1022},
 numpages = {30},
 url = {http://dl.acm.org/citation.cfm?id=944919.944937},
 acmid = {944937},
 publisher = {JMLR.org},
} 

@article{bliss2012twitter,
  title={Twitter reciprocal reply networks exhibit assortativity with respect to happiness},
  author={Bliss, Catherine A and Kloumann, Isabel M and Harris, Kameron Decker and Danforth, Christopher M and Dodds, Peter Sheridan},
  journal={Journal of Computational Science},
  volume={3},
  number={5},
  pages={388--397},
  year={2012},
  publisher={Elsevier}
}

@inproceedings{bollen2011modeling,
  title={Modeling public mood and emotion: Twitter sentiment and socio-economic phenomena},
  author={Bollen, Johan and Pepe, Alberto and Mao, Huina},
  booktitle={Proceedings of the Fifth International AAAI Conference on Weblogs and Social Media},
  pages={450--453},
  year={2011}
}

@article{bollen2011happiness,
  title={Happiness is assortative in online social networks},
  author={Bollen, Johan and Gon{\c{c}}alves, Bruno and Ruan, Guangchen and Mao, Huina},
  journal={Artificial life},
  volume={17},
  number={3},
  pages={237--251},
  year={2011},
  publisher={MIT Press}
}

@article{bollen2011twitter,
  title={Twitter mood predicts the stock market},
  author={Bollen, Johan and Mao, Huina and Zeng, Xiaojun},
  journal={Journal of Computational Science},
  volume={2},
  number={1},
  pages={1--8},
  year={2011},
  publisher={Elsevier}
}

@article{brown2000risk,
  title={Risk factors for suicide in psychiatric outpatients: a 20-year prospective study.},
  author={Brown, Gregory K and Beck, Aaron T and Steer, Robert A and Grisham, Jessica R},
  journal={Journal of consulting and clinical psychology},
  volume={68},
  number={3},
  pages={371},
  year={2000},
  publisher={American Psychological Association}
}
@article{bruffaerts2011treatment,
  title={Treatment of suicidal people around the world},
  author={Bruffaerts, Ronny and Demyttenaere, Koen and Hwang, Irving and Chiu, Wai-Tat and Sampson, Nancy and Kessler, Ronald C and Alonso, Jordi and Borges, Guilherme and de Girolamo, Giovanni and de Graaf, Ron and others},
  journal={The British Journal of Psychiatry},
  volume={199},
  number={1},
  pages={64--70},
  year={2011},
  publisher={RCP}
}

@article{centola2010spread,
  title={The spread of behavior in an online social network experiment},
  author={Centola, Damon},
  journal={science},
  volume={329},
  number={5996},
  pages={1194--1197},
  year={2010},
  publisher={American Association for the Advancement of Science}
}
@article{centola2011experimental,
  title={An experimental study of homophily in the adoption of health behavior},
  author={Centola, Damon},
  journal={Science},
  volume={334},
  number={6060},
  pages={1269--1272},
  year={2011},
  publisher={American Association for the Advancement of Science}
}

@article{centola2007complex,
  title={Complex contagions and the weakness of long ties1},
  author={Centola, Damon and Macy, Michael},
  journal={American Journal of Sociology},
  volume={113},
  number={3},
  pages={702--734},
  year={2007}
}

@article{cheng2012opportunities,
  title={Opportunities and challenges of online data collection for suicide prevention},
  author={Cheng, Qijin and Chang, Shu-Sen and Yip, Paul SF},
  journal={The Lancet},
  volume={379},
  number={9830},
  pages={e53--e54},
  year={2012},
  publisher={Elsevier}
}

@article{coviello2014,
  title={Detecting Emotional Contagion in Massive Social Networks},
  author={Lorenzo Coviello and Yunkyu Sohn and Adam D. I. Kramer and Cameron Marlow and Massimo Franceschetti and Nicholas A. Christakis and James H. Fowler},
  journal={PloS one},
  volume={9},
  number={3},
  pages={e90315},
  year={2014},
  publisher={Public Library of Science}
}

@book{crosby2011self,
  title={Self-directed violence surveillance: Uniform definitions and recommended data elements},
  author={Crosby, Alex E and Ortega, LaVonne and Melanson, Cindi},
  year={2011},
  publisher={Centers for Disease Control and Prevention, National Center for Injury Prevention and Control, Division of Violence Prevention}
}

@inproceedings{de2012not,
  title={Not all moods are created equal! exploring human emotional states in social media},
  author={De Choudhury, Munmun and Counts, Scott and Gamon, Michael},
  booktitle={Sixth International AAAI Conference on Weblogs and Social Media},
  year={2012}
}
@inproceedings{de2012happy,
  title={Happy, Nervous or Surprised? Classification of Human Affective States in Social Media},
  author={De Choudhury, Munmun and Gamon, Michael and Counts, Scott},
  booktitle={Sixth International AAAI Conference on Weblogs and Social Media},
  year={2012}
}

@inproceedings{de2013major,
  title={Major Life Changes and Behavioral Markers in Social Media: Case of Childbirth},
  author={De Choudhury, Munmun and Counts, Scott and Horvitz, Eric},
  booktitle={Proc. CSCW},
  year={2013}
}
@inproceedings{de2013understanding,
  title={Understanding affect in the workplace via social media},
  author={De Choudhury, Munmun and Counts, Scott},
  booktitle={16th ACM Conference on Computer supported cooperative work and Social Media (CSCW 2013)},
  pages={303--316},
  year={2013},
  organization={ACM}
}

@inproceedings{de2014characterizing,
  title={Characterizing and predicting postpartum depression from shared facebook data},
  author={De Choudhury, Munmun and Counts, Scott and Horvitz, Eric J and Hoff, Aaron},
  booktitle={Proceedings of the 17th ACM conference on Computer supported cooperative work \& social computing},
  pages={626--638},
  year={2014},
  organization={ACM}
}

@article{deane2001suicidal,
  title={Suicidal ideation and help-negation: Not just hopelessness or prior help.},
  author={Deane, Frank P and Wilson, Coralie J and Ciarrochi, Joseph},
  journal={Journal of clinical psychology},
  volume={57},
  pages={901--914},
  year={2001}
}


@article{dodds2011temporal,
  title={Temporal patterns of happiness and information in a global social network: Hedonometrics and Twitter},
  author={Dodds, Peter Sheridan and Harris, Kameron Decker and Kloumann, Isabel M and Bliss, Catherine A and Danforth, Christopher M},
  journal={PloS one},
  volume={6},
  number={12},
  pages={e26752},
  year={2011},
  publisher={Public Library of Science}
}

@article{gaynes2004screening,
  title={Screening for suicide risk in adults: a summary of the evidence for the US Preventive Services Task Force},
  author={Gaynes, Bradley N and West, Suzanne L and Ford, Carol A and Frame, Paul and Klein, Jonathan and Lohr, Kathleen N},
  journal={Annals of Internal Medicine},
  volume={140},
  number={10},
  pages={822--835},
  year={2004},
  publisher={Am Coll Physicians}
}

@article{golder2011diurnal,
  title={Diurnal and seasonal mood vary with work, sleep, and daylength across diverse cultures},
  author={Golder, S.A. and Macy, M.W.},
  journal={Science},
  volume={333},
  number={6051},
  pages={1878--1881},
  year={2011},
  publisher={American Association for the Advancement of Science}
}

@inproceedings{hannak2012tweetin,
  title={Tweetin’in the Rain: Exploring societal-scale effects of weather on mood},
  author={Hannak, Aniko and Anderson, Eric and Barrett, Lisa Feldman and Lehmann, Sune and Mislove, Alan and Riedewald, Mirek},
  booktitle={Proceedings of the 6th International AAAI Conference on Weblogs and Social Media (ICWSM’12)—Dublin—2012},
  year={2012}
}

@article{harriss2005suicidal,
  title={Suicidal intent in deliberate self-harm and the risk of suicide: the predictive power of the Suicide Intent Scale},
  author={Harriss, Louise and Hawton, Keith},
  journal={Journal of Affective Disorders},
  volume={86},
  number={2},
  pages={225--233},
  year={2005},
  publisher={Elsevier}
}

@article{heron2009deaths,
  title={Deaths: leading causes for 2005.},
  author={Heron, Melonie and Tejada-Vera, Betzaida},
  journal={National vital statistics reports: from the Centers for Disease Control and Prevention, National Center for Health Statistics, National Vital Statistics System},
  volume={58},
  number={8},
  pages={1--97},
  year={2009}
}

@inproceedings{homan2014social,
  title={Social structure and depression in TrevorSpace},
  author={Homan, Christopher M and Lu, Naiji and Tu, Xin and Lytle, Megan C and Silenzio, Vincent},
  booktitle={Proceedings of the 17th ACM conference on Computer supported cooperative work \& social computing},
  pages={615--625},
  year={2014},
  organization={ACM}
}

@article{horowitz2009suicide,
  title={Suicide screening in schools, primary care and emergency departments},
  author={Horowitz, Lisa M and Ballard, Elizabeth D},
  journal={Current opinion in pediatrics},
  volume={21},
  number={5},
  pages={620--627},
  year={2009},
  publisher={LWW}
}

@Article{Jay,
AUTHOR = {Jashinsky, Jared and Burton, Scott H and Hanson, Carl L and West, Josh and Giraud-Carrier, Christophe and Barnes, Michael D and Argyle, Trenton},
TITLE = {Tracking Suicide Risk Factors Through Twitter in the US.},
JOURNAL = {Crisis},
VOLUME = {},
YEAR = {2013},
NUMBER = {},
PAGES = {1-9},
URL = {http://www.biomedsearch.com/nih/Tracking-Suicide-Risk-Factors-Through/24121153.html},
PubMedID = {24121153},
ISSN = {0227-5910},
}

@article{kessler1999prevalence,
  title={Prevalence of and risk factors for lifetime suicide attempts in the National Comorbidity Survey},
  author={Kessler, Ronald C and Borges, Guilherme and Walters, Ellen E},
  journal={Archives of general psychiatry},
  volume={56},
  number={7},
  pages={617--626},
  year={1999},
  publisher={American Medical Association}
}

@inproceedings{kim2012you,
  title={Do you feel what {I} feel? social aspects of emotions in {T}witter conversations},
  author={Kim, Suin and Bak, J and Oh, Alice},
  booktitle={Proceedings of the AAAI International Conference on Weblogs and Social Media},
  year={2012}
}

@article{mann1999toward,
  title={Toward a clinical model of suicidal behavior in psychiatric patients},
  author={Mann, J John and Waternaux, Christine and Haas, Gretchen L and Malone, Kevin M},
  journal={American Journal of Psychiatry},
  volume={156},
  number={2},
  pages={181--189},
  year={1999},
  publisher={Am Psychiatric Assoc}
}

@article{masuda2013suicide,
  title={Suicide ideation of individuals in online social networks},
  author={Masuda, Naoki and Kurahashi, Issei and Onari, Hiroko},
  journal={PloS one},
  volume={8},
  number={4},
  pages={e62262},
  year={2013},
  publisher={Public Library of Science}
}

@inproceedings{mohammad2012emotional,
  title={\# Emotional tweets},
  author={Mohammad, Saif M},
  booktitle={Proceedings of the First Joint Conference on Lexical and Computational Semantics-Volume 1: Proceedings of the main conference and the shared task, and Volume 2: Proceedings of the Sixth International Workshop on Semantic Evaluation},
  pages={246--255},
  year={2012},
  organization={Association for Computational Linguistics}
}

@article{newman2002assortative,
  title={Assortative mixing in networks},
  author={Newman, Mark EJ},
  journal={Physical review letters},
  volume={89},
  number={20},
  pages={208701},
  year={2002},
  publisher={APS}
}

@article{nock2008suicide,
  title={Suicide and suicidal behavior},
  author={Nock, Matthew K and Borges, Guilherme and Bromet, Evelyn J and Cha, Christine B and Kessler, Ronald C and Lee, Sing},
  journal={Epidemiologic reviews},
  volume={30},
  number={1},
  pages={133--154},
  year={2008},
  publisher={Soc Epidemiolc Res}
}

@inproceedings{pak2010twitter,
  title={Twitter as a corpus for sentiment analysis and opinion mining},
  author={Pak, Alexander and Paroubek, Patrick},
  booktitle={Proceedings of LREC},
  volume={2010},
  year={2010}
}
@article{pfitzner2012emotional,
  title={Emotional divergence influences information spreading in Twitter},
  author={Pfitzner, Ren{\'e} and Garas, Antonios and Schweitzer, Frank},
  journal={AAAI ICWSM},
  volume={2012},
  pages={2--5},
  year={2012}
}

@article{ryan2010universal,
  title={Universal online interventions might engage psychologically distressed university students who are unlikely to seek formal help},
  author={Ryan, Megan L and Shochet, Ian M and Stallman, Helen M},
  journal={Advances in Mental Health},
  volume={9},
  number={1},
  pages={73--83},
  year={2010},
  publisher={eContent Management Pty Ltd}
}


@InProceedings{sadilek2014modeling,
  author = 	 {Adam Sadilek and Christopher Homan and Walter S. Lasecki and Vincent Silenzio and Henry Kautz},
  title = 	 {Modeling Fine-Grained Dynamics of Mood at Scale},
  booktitle = {WSDM 2014 Workshop on Diffusion Networks and Cascade Analytics},
  year = 	 2014}

@article{shaffer2004columbia,
  title={The Columbia SuicideScreen: Validity and reliability of a screen for youth suicide and depression},
  author={Shaffer, David and Scott, Michelle and Wilcox, Holly and Maslow, Carey and Hicks, Roger and Lucas, Christopher P and Garfinkel, Robin and Greenwald, Steven},
  journal={Journal of the American Academy of Child \& Adolescent Psychiatry},
  volume={43},
  number={1},
  pages={71--79},
  year={2004},
  publisher={Elsevier}
}

@article{thelwall2011sentiment,
  title={Sentiment in Twitter events},
  author={Thelwall, Mike and Buckley, Kevan and Paltoglou, Georgios},
  journal={Journal of the American Society for Information Science and Technology},
  volume={62},
  number={2},
  pages={406--418},
  year={2011},
  publisher={Wiley Online Library}
}
@inproceedings{wang2012harnessing,
  title={Harnessing Twitter `Big Data' for Automatic Emotion Identification},
  author={Wang, Wenbo and Chen, Lu and Thirunarayan, Krishnaprasad and Sheth, Amit P},
  booktitle={Privacy, Security, Risk and Trust (PASSAT), 2012 International Conference on and 2012 International Confernece on Social Computing (SocialCom)},
  pages={587--592},
  year={2012},
  organization={IEEE}
}

@article{wellman1990different,
  title={Different strokes from different folks: Community ties and social support},
  author={Wellman, Barry and Wortley, Scot},
  journal={American journal of Sociology},
  pages={558--588},
  year={1990},
  publisher={JSTOR}
} 
@article{wray2011sociology,
  title={The sociology of suicide},
  author={Wray, Matt and Colen, Cynthia and Pescosolido, Bernice},
  journal={Annual Review of Sociology},
  volume={37},
  pages={505--528},
  year={2011},
  publisher={Annual Reviews}
}