@Article{Jay,
AUTHOR = {Jashinsky, Jared and Burton, Scott H and Hanson, Carl L and West, Josh and Giraud-Carrier, Christophe and Barnes, Michael D and Argyle, Trenton}
TITLE = {Tracking Suicide Risk Factors Through Twitter in the US.},
JOURNAL = {Crisis},
VOLUME = {},
YEAR = {2013},
NUMBER = {},
PAGES = {1-9},
URL = {http://www.biomedsearch.com/nih/Tracking-Suicide-Risk-Factors-Through/24121153.html},
PubMedID = {24121153},
ISSN = {0227-5910},
}

@article{Blei,
 author = {Blei, David M. and Ng, Andrew Y. and Jordan, Michael I.},
 title = {Latent Dirichlet Allocation},
 journal = {J. Mach. Learn. Res.},
 issue_date = {3/1/2003},
 volume = {3},
 month = mar,
 year = {2003},
 issn = {1532-4435},
 pages = {993--1022},
 numpages = {30},
 url = {http://dl.acm.org/citation.cfm?id=944919.944937},
 acmid = {944937},
 publisher = {JMLR.org},
} 